@online{GiSTPostgres,
	author = {Егор Рогов}, 
	organization = {Postgres Professional},
	title = {Индексы в PostgreSQL - 5},
	url = {https://habr.com/company/postgrespro/blog/333878/},
	urldate = {2018-09-30}
}

@article{obe2011postgis,
	title={PostGIS in action},
	author={Obe, Regina and Hsu, Leo},
	journal={GEOInformatics},
	volume={14},
	number={8},
	pages={30},
	year={2011},
	publisher={CMedia BV}
}

@inproceedings{kothuri2002quadtree,
	title={Quadtree and R-tree indexes in oracle spatial: a comparison using GIS data},
	author={Kothuri, Ravi Kanth V and Ravada, Siva and Abugov, Daniel},
	booktitle={Proceedings of the 2002 ACM SIGMOD international conference on Management of data},
	pages={546--557},
	year={2002}
}

@article{comer1979ubiquitous,
	title={Ubiquitous B-tree},
	author={Comer, Douglas},
	journal={ACM Computing Surveys (CSUR)},
	volume={11},
	number={2},
	pages={121--137},
	year={1979},
	publisher={ACM New York, NY, USA}
}

@misc{liu2001secondary,
	title={Secondary index search},
	author={Liu, Lee-Chin Hsu and Yoneda, Kenji},
	year={2001},
	month=jul # "~24",
	publisher={Google Patents},
	note={US Patent 6,266,660}
}

@book{owens2010sqlite,
	title={SQLite},
	author={Owens, Mike and Allen, Grant},
	year={2010},
	publisher={Springer}
}

@incollection{bayer2002organization,
	title={Organization and maintenance of large ordered indexes},
	author={Bayer, Rudolf and McCreight, Edward},
	booktitle={Software pioneers},
	pages={245--262},
	year={2002},
	publisher={Springer}
}

@book{markl1999processing,
	title={Processing Relational Queries Using a Multidimentional Acces Technique},
	author={Markl, Volker and Br{\"u}gge, B and Bayer, R and Freytag, JC},
	year={1999},
	publisher={Ios Press}
}

@article{morton1966computer,
	title={A computer oriented geodetic data base and a new technique in file sequencing},
	author={Morton, Guy M},
	year={1966},
	publisher={International Business Machines Company New York}
}

@article{gaede1998multidimensional,
	title={Multidimensional access methods},
	author={Gaede, Volker and G{\"u}nther, Oliver},
	journal={ACM Computing Surveys (CSUR)},
	volume={30},
	number={2},
	pages={170--231},
	year={1998},
	publisher={ACM New York, NY, USA}
}

@article{lawder2001querying,
	title={Querying multi-dimensional data indexed using the Hilbert space-filling curve},
	author={Lawder, Jonathan K. and King, Peter J. H.},
	journal={ACM Sigmod Record},
	volume={30},
	number={1},
	pages={19--24},
	year={2001},
	publisher={ACM New York, NY, USA}
}

@techreport{adamu2015survey,
	title={A Survey On Big Data Indexing Strategies},
	author={Adamu, Fatima Binta and Abdullah, Ibrahim and Cottrell, R Les and Hassan, Suhaidi and Habbal, Adib and White, Bebo},
	year={2015}
}

@inproceedings{nishimura2011md,
	title={MD-HBase: A scalable multi-dimensional data infrastructure for location aware services},
	author={Nishimura, Shoji and Das, Sudipto and Agrawal, Divyakant and El Abbadi, Amr},
	booktitle={Mobile Data Management (MDM), 2011 12th IEEE International Conference on},
	volume={1},
	pages={7--16},
	year={2011},
	organization={IEEE}
}

@inproceedings{ramsak2000integrating,
	title={Integrating the UB-tree into a database system kernel.},
	author={Ramsak, Frank and Markl, Volker and Fenk, Robert and Zirkel, Martin and Elhardt, Klaus and Bayer, Rudolf},
	booktitle={VLDB},
	volume={2000},
	pages={263--272},
	year={2000}
}

@online{DynamoZorderP1,
	author = {Zack Slayton},
	title = {Z-Order Indexing for Multifaceted Queries in Amazon DynamoDB: Part 1},
	year = 2017,
	url = {https://aws.amazon.com/ru/blogs/database/z-order-indexing-for-multifaceted-queries-in-amazon-dynamodb-part-1/},
	urldate = {2018-10-07}
}

@online{DynamoZorderP2,
	author = {Zack Slayton},
	title = {Z-order indexing for multifaceted queries in Amazon DynamoDB: Part 2},
	year = 2018,
	url = {https://aws.amazon.com/ru/blogs/database/z-order-indexing-for-multifaceted-queries-in-amazon-dynamodb-part-2/},
	urldate = {2018-10-07}
}

@phdthesis{ramsak2002towards,
  title={Towards a general-purpose, multidimensional index},
  author={Ramsak, Frank},
  year={2002},
  school={Technische Universit{\"a}t M{\"u}nchen}
}

@article{prukl2007relavcni,
  title={A relational approach to indexing},
  author={Prukl, Antonin},
  year={2007},
  publisher={Charles University in Prague, Faculty of Mathematics and Physics}
}

@phdthesis{gerard2011implementation,
  title={Impl{\'e}mentation d'une m{\'e}thode de r{\'e}gion de confiance pour le diagnostic industriel},
  author={Gerard, Damien},
  year={2011},
  school={Universit{\'e} de Li{\`e}ge, Belgique}
}

@book{кормен2009алгоритмы,
	title={Алгоритмы. Построение и анализ:[пер. с англ.]},
	author={Кормен, Томас and Лейзерсон, Чарльз and Ривест, Рональд and Штайн, Клиффорд},
	year={2009},
	publisher={Издательский дом Вильямс}
}

@phdthesis{widhopf2005advanced,
	title={Advanced Concepts and Applications of the UB-tree},
	author={Widhopf-Fenk, Robert Josef},
	year={2005},
	school={Technische Universit{\"a}t M{\"u}nchen}
}

@article{lsmtree1996,
	title={The log-structured merge-tree (LSM-tree)},
	author={O’Neil, Patrick and Cheng, Edward and Gawlick, Dieter and O’Neil, Elizabeth},
	journal={Acta Informatica},
	volume={33},
	number={4},
	pages={351--385},
	year={1996},
	publisher={Springer}
}

@article{messagepack_site,
	title={MessagePack},
	author={Furuhashi, Sadayuki},
	journal={URL: https://msgpack.org},
	year={2013}
}

@inproceedings{guttman1984rtree,
	title={R-trees: A dynamic index structure for spatial searching},
	author={Guttman, Antonin},
	booktitle={Proceedings of the 1984 ACM SIGMOD international conference on Management of data},
	pages={47--57},
	year={1984}
}

@inproceedings{beckmann1990rstree,
	title={The R*-tree: an efficient and robust access method for points and rectangles},
	author={Beckmann, Norbert and Kriegel, Hans-Peter and Schneider, Ralf and Seeger, Bernhard},
	booktitle={Proceedings of the 1990 ACM SIGMOD international conference on Management of data},
	pages={322--331},
	year={1990}
}

@book{knuth1998art,
	title={The Art of Computer Programming: Volume 3: Sorting and Searching},
	author={Knuth, D.E.},
	isbn={9780321635785},
	year={1998},
	publisher={Pearson Education}
}

@online{ierusalimschy2006lua,
	title={Lua 5.1 reference manual},
	author={Ierusalimschy, Roberto and De Figueiredo, Luiz Henrique and Celes, Waldemar},
	year={2006},
	publisher={Lua.org}
}

@online{pall2008luajit,
	title={The luajit project},
	author={Pall, Mike},
	journal={Web site: http://luajit. org},
	volume={1015},
	year={2008}
}

@online{danialcloc,
	title={CLOC—Count lines of code, 2009},
	author={Danial, A},
	journal={URL http://cloc. sourceforge. net}
}
